% Required fields: author, title, journal, year. Optional fields: volume, number, pages, month, note.


@article{ball2018,
author = {Yi Zheng et al},
title = {A novel method to remove the background from x-ray diffraction signal},
journal = {Phys. Med. Biol.},
volume = {63},
year = {2018}
%doi = {10.1088/1361-6560/aaac9e}
}



@article{ball-code,
author = {Kneen, Annegarn},
title = {Algorithm for fitting XRF, SEM and PIXE X-ray spectra
backgrounds},
journal = {Nucl. Instr. Meth. Phys. Res. B},
year = {1996},
number = {109/110},
pages = {209 -- 213}
%doi = {10.1016/0168-583X(95)00908-6}
}



@article{name,
author = {ff},
title = {ff},
journal = {ff},
year = {ff},
doi = {ff}
}

